<?xml version="1.0" encoding="UTF-8"?>
<collection xmlns:xsi="http://www.w3.org/2001/XMLSchema-instance" xsi:schemaLocation="http://www.loc.gov/MARC21/slim http://www.loc.gov/standards/marcxml/schema/MARC21slim.xsd" xmlns="http://www.loc.gov/MARC21/slim">
<record>
  <leader>01466cam a2200373   4500</leader>
  <controlfield tag="001">425239</controlfield>
  <controlfield tag="003">NNC</controlfield>
  <controlfield tag="005">20130520210108.0</controlfield>
  <controlfield tag="008">861112q19601969iq      r     000 0 arax </controlfield>
  <datafield tag="010" ind1=" " ind2=" ">
    <subfield code="a">   64001463/NE </subfield>
  </datafield>
  <datafield tag="025" ind1=" " ind2=" ">
    <subfield code="a">PL480:UAR-3029</subfield>
  </datafield>
  <datafield tag="035" ind1=" " ind2=" ">
    <subfield code="a">(OCoLC)505723524</subfield>
  </datafield>
  <datafield tag="035" ind1=" " ind2=" ">
    <subfield code="a">(OCoLC)ocn505723524</subfield>
  </datafield>
  <datafield tag="035" ind1=" " ind2=" ">
    <subfield code="a">(CStRLIN)NYCG86-B121480</subfield>
  </datafield>
  <datafield tag="035" ind1=" " ind2=" ">
    <subfield code="9">ABW4043CU</subfield>
  </datafield>
  <datafield tag="035" ind1=" " ind2=" ">
    <subfield code="a">(NNC)425239</subfield>
  </datafield>
  <datafield tag="035" ind1=" " ind2=" ">
    <subfield code="a">425239</subfield>
  </datafield>
  <datafield tag="040" ind1=" " ind2=" ">
    <subfield code="c">NNC</subfield>
    <subfield code="d">NNC</subfield>
  </datafield>
  <datafield tag="050" ind1="0" ind2=" ">
    <subfield code="a">D17</subfield>
    <subfield code="b">.M28</subfield>
  </datafield>
  <datafield tag="090" ind1=" " ind2=" ">
    <subfield code="a">D17</subfield>
    <subfield code="b">.M28</subfield>
  </datafield>
  <datafield tag="100" ind1="1" ind2=" ">
    <subfield code="a">Maqdisī, Muṭahhar ibn Ṭāhir,</subfield>
    <subfield code="d">active 10th century.</subfield>
  </datafield>
  <datafield tag="240" ind1="1" ind2="0">
    <subfield code="a">Badʼ wa-al-tārīkh</subfield>
  </datafield>
  <datafield tag="245" ind1="1" ind2="0">
    <subfield code="a">Kitāb al-badʾ wa-al-tārīkh,</subfield>
    <subfield code="c">li-Abī Zayd Aḥmad ibn Sahl al-Balkhī.  Qad iʻtaná bi-nashrihi wa-tarjamatihi min al-ʻArabīyah ilá al-Faransawīyah Klimān Huwār.</subfield>
  </datafield>
  <datafield tag="260" ind1=" " ind2=" ">
    <subfield code="a">[Baghdād,</subfield>
    <subfield code="b">Maktabat al-Muthanná,</subfield>
    <subfield code="c">196-?]</subfield>
  </datafield>
  <datafield tag="300" ind1=" " ind2=" ">
    <subfield code="a">6 v.</subfield>
    <subfield code="c">24 cm.</subfield>
  </datafield>
  <datafield tag="500" ind1=" " ind2=" ">
    <subfield code="a">Vol. 2 has cover title only</subfield>
  </datafield>
  <datafield tag="500" ind1=" " ind2=" ">
    <subfield code="a">Added cover title: Kitab al-badʾ wat-tarikh, by Mutahhar ibn Tahir al-Maqdisi.</subfield>
  </datafield>
  <datafield tag="500" ind1=" " ind2=" ">
    <subfield code="a">Authorship attributed to al-Maqdisī on t. p. of v. 3-6.</subfield>
  </datafield>
  <datafield tag="500" ind1=" " ind2=" ">
    <subfield code="a">Photocopy of the Arabic text of the edition published by Clément Huart under title: Livre de la création et de l'histoire (Paris, 1899-1919)</subfield>
  </datafield>
  <datafield tag="650" ind1=" " ind2="0">
    <subfield code="a">History, Ancient.</subfield>
  </datafield>
  <datafield tag="650" ind1=" " ind2="0">
    <subfield code="a">Arabs</subfield>
    <subfield code="x">History.</subfield>
  </datafield>
  <datafield tag="700" ind1="1" ind2=" ">
    <subfield code="a">Balkhī, Aḥmad ibn Sahl,</subfield>
    <subfield code="d">849 or 850-934.</subfield>
  </datafield>
  <datafield tag="700" ind1="1" ind2=" ">
    <subfield code="a">Huart, Clément,</subfield>
    <subfield code="d">1854-1926.</subfield>
  </datafield>
  <datafield tag="740" ind1="0" ind2="1">
    <subfield code="a">Badʾ wa-al-taʾrīkh.</subfield>
  </datafield>
  <datafield tag="955" ind1=" " ind2=" ">
    <subfield code="b">CU15001628</subfield>
    <subfield code="d">off,glx</subfield>
    <subfield code="e">D17 .M28</subfield>
    <subfield code="v">v.4</subfield>
  </datafield>
</record>
</collection>